<Doc xmlns:gs2="http://www.greenstone.org/gs2" file="HASH7c57\5f57a57c\fb45ab00\33s7.dir\doc.xml"  gs2:docOID="HASH7c575f57a57cfb45ab0033s7" gs2:mode="add">

<Sec  gs2:docOID="HASH7c575f57a57cfb45ab0033s7" gs2:mode="add">
&lt;pre&gt;
 LDR 00815cam  2200253   4500
001     2213295
005     19981112075817.3
008     700504s1969    enkach        001 0 eng  
035    _9 (DLC)   74458681
906    _a 7
       _b cbc
       _c orignew
       _d u
       _e ncip
       _f 19
       _g y-gencatlg
010    _a    74458681 
015    _a B69-25928
020    _a 0356029247
040    _a DLC
       _c DLC
       _d DLC
050 00 _a ML54.6.B4
       _b I4 1969
082 00 _a 784.7
245 04 _a The Beatles illustrated lyrics.
       _c Edited by Alan Aldridge. Illustrated by Julian Allen
 [and others]
260    _a London,
       _b MacDonald,
       _c 1969.
300    _a 156 p.
       _b illus. (some col.), facsims., ports. (some col.).
       _c 28 cm.
350    _a 25/-
650  0 _a Rock music
       _y 1961-1970
       _x Texts.
700 1  _a Aldridge, Alan,
       _e ed.
710 2  _a Beatles.
991    _b c-Music
       _h ML54.6.B4
       _i I4 1969
       _t Copy 1
       _w BOOKS
&lt;/pre&gt;
 
</Sec>


</Doc>
